@book{evaristo,
	title = {Introdução à Álgebra Abstrata},
	author = {Evaristo, Jaime and Perdigão, Eduardo},
	year = {2013},
	publisher = {UFAL}
}